<?xml version="1.0" encoding="UTF-8"?>
<SOAP-ENV:Envelope xmlns:SOAP-ENV="http://schemas.xmlsoap.org/soap/envelope/" xmlns:mx="http://www.loc.gov/MARC21/slim" xmlns:of="http://oss.dbc.dk/ns/openformat"><SOAP-ENV:Body><of:formatResponse><marc21><mx:record format="MARC21" type="Bibliographic"><mx:leader>00000ncm a22000000c 4500</mx:leader><mx:controlfield tag="001">42</mx:controlfield><mx:controlfield tag="007">qu</mx:controlfield><mx:controlfield tag="008">120425s2012    uik||||        ||| |eng|d</mx:controlfield><mx:datafield ind1=" " ind2=" " tag="020"><mx:subfield code="a">9781780385990 (hf.)</mx:subfield></mx:datafield><mx:datafield ind1="1" ind2=" " tag="029"><mx:subfield code="a">DKDLA</mx:subfield><mx:subfield code="b">870970-basis:29348022</mx:subfield></mx:datafield><mx:datafield ind1=" " ind2=" " tag="040"><mx:subfield code="a">DKDLA</mx:subfield><mx:subfield code="b">dan</mx:subfield><mx:subfield code="c">DKDLA</mx:subfield></mx:datafield><mx:datafield ind1=" " ind2=" " tag="049"><mx:subfield code="a">DK-190101</mx:subfield><mx:subfield code="a">DK-820010</mx:subfield></mx:datafield><mx:datafield ind1=" " ind2=" " tag="084"><mx:subfield code="a">78.794-5</mx:subfield><mx:subfield code="2">z</mx:subfield></mx:datafield><mx:datafield ind1="0" ind2=" " tag="100"><mx:subfield code="a">Lady GaGa</mx:subfield></mx:datafield><mx:datafield ind1="1" ind2="0" tag="245"><mx:subfield code="a">Born this way :</mx:subfield><mx:subfield code="b">[piano, vocal, guitar] /</mx:subfield><mx:subfield code="c">Lady GaGa ; words and music by Stefani Germanotta, Fernando Garibay ... [et al.]</mx:subfield></mx:datafield><mx:datafield ind1=" " ind2=" " tag="260"><mx:subfield code="a">London :</mx:subfield><mx:subfield code="b">Wise ;</mx:subfield><mx:subfield code="a">Bury St Edmunds, Suffolk :</mx:subfield><mx:subfield code="b">exclusive distributors: Music Sales,</mx:subfield><mx:subfield code="c">2012</mx:subfield></mx:datafield><mx:datafield ind1=" " ind2=" " tag="300"><mx:subfield code="a">119 sider ;</mx:subfield><mx:subfield code="c">31 cm</mx:subfield></mx:datafield><mx:datafield ind1=" " ind2=" " tag="500"><mx:subfield code="a">For sangstemme og klaver med becifring (med guitargreb)</mx:subfield></mx:datafield><mx:datafield ind1=" " ind2=" " tag="500"><mx:subfield code="a">Ed.nr.: AM 1004872</mx:subfield></mx:datafield><mx:datafield ind1="8" ind2=" " tag="505"><mx:subfield code="a">Indhold: Marry the night -- Born this way -- Government hooker -- Judas -- Americano -- Hair -- Scheisse -- Bloody Mary -- Bad kids -- Highway unicorn : Road to love -- Heavy metal lover -- Electric chapel -- Yoü and I -- The edge of glory</mx:subfield></mx:datafield><mx:datafield ind1="0" ind2=" " tag="510"><mx:subfield code="a">Indekseres i: MySpace</mx:subfield><mx:subfield code="u">http://www.myspace.com/ladygaga</mx:subfield></mx:datafield><mx:datafield ind1=" " ind2=" " tag="580"><mx:subfield code="a">Sangene fra cd'en: Born this way</mx:subfield></mx:datafield><mx:datafield ind1=" " ind2="4" tag="655"><mx:subfield code="a">pop</mx:subfield><mx:subfield code="y">2010-2019</mx:subfield><mx:subfield code="z">USA</mx:subfield></mx:datafield><mx:datafield ind1=" " ind2="4" tag="655"><mx:subfield code="a">dance</mx:subfield><mx:subfield code="y">2010-2019</mx:subfield><mx:subfield code="z">USA</mx:subfield></mx:datafield><mx:datafield ind1=" " ind2="4" tag="655"><mx:subfield code="a">r&amp;b</mx:subfield><mx:subfield code="y">2010-2019</mx:subfield><mx:subfield code="z">USA</mx:subfield></mx:datafield><mx:datafield ind1=" " ind2="4" tag="655"><mx:subfield code="a">electronica</mx:subfield><mx:subfield code="y">2010-2019</mx:subfield><mx:subfield code="z">USA</mx:subfield></mx:datafield><mx:datafield ind1=" " ind2="4" tag="655"><mx:subfield code="a">vokal</mx:subfield><mx:subfield code="y">2010-2019</mx:subfield><mx:subfield code="z">USA</mx:subfield></mx:datafield><mx:datafield ind1="1" ind2=" " tag="700"><mx:subfield code="a">Garibay, Fernando</mx:subfield></mx:datafield><mx:datafield ind1="0" ind2="2" tag="740"><mx:subfield code="a">Marry the night</mx:subfield></mx:datafield><mx:datafield ind1="0" ind2="2" tag="740"><mx:subfield code="a">Born this way</mx:subfield></mx:datafield><mx:datafield ind1="0" ind2="2" tag="740"><mx:subfield code="a">Government hooker</mx:subfield></mx:datafield><mx:datafield ind1="0" ind2="2" tag="740"><mx:subfield code="a">Judas</mx:subfield></mx:datafield><mx:datafield ind1="0" ind2="2" tag="740"><mx:subfield code="a">Americano</mx:subfield></mx:datafield><mx:datafield ind1="0" ind2="2" tag="740"><mx:subfield code="a">Hair</mx:subfield></mx:datafield><mx:datafield ind1="0" ind2="2" tag="740"><mx:subfield code="a">Scheisse</mx:subfield></mx:datafield><mx:datafield ind1="0" ind2="2" tag="740"><mx:subfield code="a">Bloody Mary</mx:subfield></mx:datafield><mx:datafield ind1="0" ind2="2" tag="740"><mx:subfield code="a">Bad kids</mx:subfield></mx:datafield><mx:datafield ind1="0" ind2="2" tag="740"><mx:subfield code="a">Highway unicorn : Road to love</mx:subfield></mx:datafield><mx:datafield ind1="0" ind2="2" tag="740"><mx:subfield code="a">Heavy metal lover</mx:subfield></mx:datafield><mx:datafield ind1="0" ind2="2" tag="740"><mx:subfield code="a">Electric chapel</mx:subfield></mx:datafield><mx:datafield ind1="0" ind2="2" tag="740"><mx:subfield code="a">Yoü and I</mx:subfield></mx:datafield><mx:datafield ind1="0" ind2="2" tag="740"><mx:subfield code="a">The edge of glory</mx:subfield></mx:datafield><mx:datafield ind1=" " ind2=" " tag="901"><mx:subfield code="a">781</mx:subfield></mx:datafield></mx:record><hs activity="insert">DKDLA</hs><hs activity="insert">EDA</hs></marc21></of:formatResponse></SOAP-ENV:Body></SOAP-ENV:Envelope>
